@misc{Evolutionary_Prototyping,
note = {Evolutionary Prototyping. Alhamdulillah Interactive Software Solutions. [Online] Available at:\url{http://www.alhamdulillah-solutions.com/images/d3.jpg}, [Accessed 25 January 2014]}
}