@misc{KeyPointsDesign,
note = {Extrime Programing, 1999. Don Wells, Design rules within XP. [Online] Available at:\url{http://www.extremeprogramming.org/example/crcsim.html}, [Accessed 25 October 2013]}
}

@misc{WhenUseXP,
note = {Extrime Programing, 1999. Don Wells, When should Extreme Programming be Used? [Online] Available at:\url{http://www.extremeprogramming.org/when.html}, [Accessed 25 October 2013]}
}

@misc{AgilePrinc,
note = {Agile manifesto. Principles behind the Agile Manifesto. [Online] Available at:\url{http://www.agilemanifesto.org/principles.html}, [Accessed 25 October 2013]}
}

@misc{CRC,
note = {Extrime Programing, 1999. Don Wells, CRC Cards. [Online] Available at:\url{http://www.extremeprogramming.org/rules/crccards.html}, [Accessed 25 October 2013]}
}

@misc{SuccessfulXPProjects,
note = {Cunningham \& Cunningham Inc, 2006. Successful XP Projects. [Online] Available at:\url{http://c2.com/cgi/wiki?SuccessfulXpProjects}, [Accessed 29 October 2013]}
}

@misc{IsDesignDead,
note = {Martin Fowler, 2004. Is Design Dead?. [Online] Available at:\url{http://martinfowler.com/articles/designDead.html}, [Accessed 29 October 2013]}
}