@misc{ISFloor,
note = {Information Services, 2012. IS Floor Plan. [Local Intranet] Available at:\url{ https://share.aber.ac.uk/dept/is/intranet/admin/aboutus/}, [Accessed 24 July 2013]}
}


Authorship or Source, Year. Title of web document or web page. [type of medium] (date of update if available) Available at: include web site address/URL (Uniform Resource Locator) [Accessed date]. - See more at: http://libweb.anglia.ac.uk/referencing/harvard.htm#sthash.EsE1MEz5.dpuf
